@misc{ethnologue,
      author = "M. Paul Lewis",
      title = "Ethnologue: Languages of the World",
      editor = " Gary F. Simons and Charles D. Fennig",
      edition="Seventeenth",
      year = "2013",
      url = "http://www.ethnologue.com/",
      address = "Dallas, TX, USA",
      publisher = "SIL International"
}
@incollection{Dasgupta-2003,
  address    = {London},
  author     = {Dasgupta, Probal},
  booktitle  = {The Indo-Aryan Languages},
  editor     = {Cardona, George and Jain, Dhanesh},
  iso_code   = {ben},
  olac_field = {semantics; general_linguistics; typology; syntax},
  pages      = {351-390},
  publisher  = {Routledge},
  title      = {Bangla},
  wals_code  = {ben},
  year       = {2003}
}

@incollection{Bhattacharya,
  address    = {New York/Dublin},
  author     = {Bhattacharya, Tanmoy},
  booktitle  = {Facts About the World's Languages: An Encyclopedia of the World's Major Languages: Past and Present},
  editor     = {Jane Garry and Carl Rubino},
  iso_code   = {ben},
  publisher  = {H.W. Wilson Press},
  title      = {Bengali},
  wals_code  = {ben},
  year       = {2001}
}
@inproceedings{saha2004computer,
  title={Computer assisted Bangla words POS tagging},
  author={Saha, Goutam Kumar and Saha, Amiya Baran and Debnath, Sudipto},
  booktitle={Proceedings of the International Symposium on Machine Translation NLP and TSS (iTRANS)},
  year={2004}
}
@article{chakroborty2003uchchotoro,
  title={Uchchotoro Bangla Byakaron},
  author={Chakroborty, Bamondeb},
  journal={Akshay Malancha},
  year={2003}
}
@article{ghosh2009dependency,
  title={Dependency Parser for Bengali: the JU System at ICON 2009},
  author={Ghosh, Aniruddha and Das, A and Bhaskar, P and Bandyopadhyay, Sivaji},
  journal={NLP Tool Contest ICON},
  year={2009}
}