@misc{ethnologue,
      author = "M. Paul Lewis",
      title = "Ethnologue: Languages of the World",
      editor = " Gary F. Simons and Charles D. Fennig",
      edition="Seventeenth",
      year = "2013",
      url = "http://www.ethnologue.com/",
      address = "Dallas, TX, USA",
      publisher = "SIL International"
}
@incollection{Dasgupta-2003,
  address    = {London},
  author     = {Dasgupta, Probal},
  booktitle  = {The Indo-Aryan Languages},
  editor     = {Cardona, George and Jain, Dhanesh},
  iso_code   = {ben},
  olac_field = {semantics; general_linguistics; typology; syntax},
  pages      = {351-390},
  publisher  = {Routledge},
  title      = {Bangla},
  wals_code  = {ben},
  year       = {2003}
}

@incollection{Bhattacharya,
  address    = {New York/Dublin},
  author     = {Bhattacharya, Tanmoy},
  booktitle  = {Facts About the World's Languages: An Encyclopedia of the World's Major Languages: Past and Present},
  editor     = {Jane Garry and Carl Rubino},
  iso_code   = {ben},
  publisher  = {H.W. Wilson Press},
  title      = {Bengali},
  wals_code  = {ben},
  year       = {2001}
}
@inproceedings{saha2004computer,
  title={Computer assisted Bangla words POS tagging},
  author={Saha, Goutam Kumar and Saha, Amiya Baran and Debnath, Sudipto},
  booktitle={Proceedings of the International Symposium on Machine Translation NLP and TSS (iTRANS)},
  year={2004}
}
@article{chakroborty2003uchchotoro,
  title={Uchchotoro Bangla Byakaron},
  author={Chakroborty, Bamondeb},
  journal={Akshay Malancha},
  year={2003}
}
@article{ghosh2009dependency,
  title={Dependency Parser for Bengali: the JU System at ICON 2009},
  author={Ghosh, Aniruddha and Das, A and Bhaskar, P and Bandyopadhyay, Sivaji},
  journal={NLP Tool Contest ICON},
  year={2009}
}

@MISC{Nivre_parsingindian,
    author = {Joakim Nivre},
    title = {Parsing Indian Languages with MaltParser},
    year = {2009}
}
@INPROCEEDINGS{Nivre05maltparser:a,
    author = {Joakim Nivre and Johan Hall},
    title = {Maltparser: A language-independent system for data-driven dependency parsing},
    booktitle = {In Proc. of the Fourth Workshop on Treebanks and Linguistic Theories},
    year = {2005},
    pages = {13--95}
}

@inproceedings{De_Dep_ben,
  title={Structure simplification and demand satisfaction},
  author={De, S and Dhar, A and Bhaskar, P and Garain, U},
    booktitle={Proceedings of ICON 2009 tools contest on Indian Language Dependency Parsing},
    address = "Hyderabad, India",
  year={2009}
}
@inproceedings{bidir_parser,
  title={Bi directional dependency parser for Indian languages},
  author={Abhilash, A and Mannem, Prashant},
  booktitle={Proceedings of ICON 2010 tools contest on Indian Language Dependency Parsing},
  address = "Kharagpur, India",
  year={2010}
}
@inproceedings{husain_09,
  title={Dependency parser for Indian Languages},
  author={Hussain, S.},
    booktitle={Proceedings of ICON 2009 tools contest on Indian Language Dependency Parsing},
    address = "Hyderabad, India",
  year={2009}
}
@inproceedings{husain_10,
  title={The ICON 2010 tools contest on Indian Language dependency parsing},
  author={Hussain, S and Mannem, Prashant and Ambati, Bharat and Gadde, Phani},
  booktitle={Proceedings of ICON 2010 tools contest on Indian Language Dependency Parsing},
  address = "Kharagpur, India",
  year={2010}
}

@inproceedings{ambati_09,
  title={Experiments in Indian Language Dependency Parsing},
  author={Ambati, B R and Gadde, P. and Jindal K.},
  booktitle={Proceedings of ICON 2009 tools contest on Indian Language Dependency Parsing},
  address = "Hyderabad, India",
  year={2009}
}

@inproceedings{kosaraju_10,
  title={Experiments on Indian Language Dependency Parsing},
  author={Kosaraju, P and Kesidi, S.R. and Ainavolu V.B.R. and Kukkadapu P.},
  booktitle={Proceedings of ICON 2010 tools contest on Indian Language Dependency Parsing},
  address = "Kharagpur, India",
  year={2010}
}
@inproceedings{attardi_10,
  title={Dependency parsing of Indian Languages with DeSR},
  author={Attardi, G and Rossi, S.D. and Simi, M},
  booktitle={Proceedings of ICON 2010 tools contest on Indian Language Dependency Parsing},
  address = "Kharagpur, India",
  year={2010}
}

@inproceedings{Bharati,
  title={Natural Language Processing: A Panninian Perspective},
  author={A Bharati and V Chitanya and R. Sangal},
 publisher={Prentice-Hall of India, New Delhi},
  year={1995}
  }
  
  @inproceedings{Bharati-2009,
  title={AnnCora: Treebanks for Indian Languages, Guidelines for annotating Hindi treebank},
  author={A Bharati and M. Sharma and S. Husain and Bai L. and R. Begam and Sangal R.},
  year={2009}
  }
  
  @inproceedings{Begum-2008,
  title={Dependency annotation scheme for Indian Languages},
  author={Begum, R and Husain, S and Dhwaj, A and Sharma, D. M. and Bai L. and Sangal R.},
  booktitle={Proceedings of the third international joint conference on Natural Language Processing},
  address = "Hyderabad, India",
  year={2010}
}

@inproceedings{Kiparsky,
  title={Synctactic and relations in Panini},
  author={Kiparsky, P. and Staal, J. F.},
  booktitle={Foundations of language 5},
  year={1969}
}
@inproceedings{Shastri,
  title={Vyakarana Chandrodaya},
  author={Shastri, C.},
  booktitle={Foundations of language 5},
  year={1973}
}

@inproceedings{Shruti,
  title={Bengali speech corpus for continuous automatic speech recognition system},
  author={Das, Biswajit and Mandal, Sandipan and Mitra, Pabitra},
  booktitle={Proceedings of peech Database and Assessments (Oriental COCOSDA)},
  year={2011}
}


}
